@ARTICLE{Meinshausen06highdimensional,
    author = {Nicolai Meinshausen and Peter Bühlmann},
    title = {High dimensional graphs and variable selection with the Lasso},
    journal = {ANNALS OF STATISTICS},
    year = {2006},
    volume = {34},
    number = {3},
    pages = {1436--1462}
}

@article {multicollinearity_kvs,
author = {Van Steen, Kristel and Curran, Desmond and Kramer, Jocelyn and Molenberghs, Geert and Van Vreckem, Ann and Bottomley, Andrew and Sylvester, Richard},
title = {Multicollinearity in prognostic factor analyses using the EORTC QLQ-C30: identification and impact on model selection},
journal = {Statistics in Medicine},
volume = {21},
number = {24},
publisher = {John Wiley & Sons, Ltd.},
issn = {1097-0258},
url = {http://dx.doi.org/10.1002/sim.1358},
doi = {10.1002/sim.1358},
pages = {3865--3884},
keywords = {multicollinearity, prognostic factor analysis, quality of life data, bootstrap},
year = {2002},
}



@article{Matthews1975,
    author = {Matthews, B. W.},
    citeulike-article-id = {9950293},
    journal = {Biochim. Biophys. Acta},
    pages = {442--451},
    posted-at = {2011-10-27 09:16:31},
    priority = {2},
    title = {{Comparison of the predicted and observed secondary structure of T4 phage lysozyme}},
    volume = {405},
    year = {1975}
}



@book{farrar1964multicollinearity,
  title={Multicollinearity in Regression Analysis: The Problem Revisited},
  author={Farrar, D.E. and Glauber, R.R.},
  series={Working paper (Sloan School of Management)},
  url={http://books.google.be/books?id=wlVKHQAACAAJ},
  year={1964},
  publisher={M.I.T.}
}



@BOOK{wna,
  AUTHOR    = {Steve Horvath}, 
  TITLE = {Weighted Network Analysis Applications in Genomics and Systems Biology},
  PUBLISHER = {Springer},
  YEAR      = {2011},
  Volume    = {1},
  Edition   = {1}
}

@TECHREPORT{Meinshausen_stabilityselection,
    author = {Nicolai Meinshausen and Peter Bühlmann},
    title = {Stability selection},
    institution = {},
    year = {}
}


@article{GeistlingerCKMZ11,
  added-at = {2011-06-23T00:00:00.000+0200},
  author = {Geistlinger, Ludwig and Csaba, Gergely and Küffner, Robert and Mulder, Nicola J. and Zimmer, Ralf},
  biburl = {http://www.bibsonomy.org/bibtex/2f0393c166917b57df04dac16295eff4a/dblp},
  ee = {http://dx.doi.org/10.1093/bioinformatics/btr228},
  interhash = {094b36c382b964107c4b7e857aaf9cd3},
  intrahash = {f0393c166917b57df04dac16295eff4a},
  journal = {Bioinformatics [ISMB/ECCB]},
  keywords = {dblp},
  number = 13,
  pages = {366-373},
  timestamp = {2011-06-23T00:00:00.000+0200},
  title = {From sets to graphs: towards a realistic enrichment analysis of transcriptomic systems.},
  url = {http://dblp.uni-trier.de/db/journals/bioinformatics/bioinformatics27.html#GeistlingerCKMZ11},
  volume = 27,
  year = 2011
}


@article{Michalak2008243,
title = "Coexpression, coregulation, and cofunctionality of neighboring genes in eukaryotic genomes ",
journal = "Genomics ",
volume = "91",
number = "3",
pages = "243 - 248",
year = "2008",
note = "",
issn = "0888-7543",
doi = "http://dx.doi.org/10.1016/j.ygeno.2007.11.002",
url = "http://www.sciencedirect.com/science/article/pii/S0888754307002807",
author = "Pawel Michalak",
keywords = "Gene expression",
keywords = "Genome regulation",
keywords = "Gene coexpression",
keywords = "Gene clusters",
keywords = "Eukaryotes "
}

@article{YiST07,
  added-at = {2007-06-11T00:00:00.000+0200},
  author = {Yi, Gangman and Sze, Sing-Hoi and Thon, Michael R.},
  biburl = {http://www.bibsonomy.org/bibtex/2685486fe16a96b3267262f0e32178d53/dblp},
  date = {2007-06-11},
  description = {dblp},
  ee = {http://dx.doi.org/10.1093/bioinformatics/btl673},
  interhash = {d77433b25426eab82ba183c7b74fd1d1},
  intrahash = {685486fe16a96b3267262f0e32178d53},
  journal = {Bioinformatics},
  keywords = {dblp},
  number = 9,
  pages = {1053-1060},
  timestamp = {2007-06-11T00:00:00.000+0200},
  title = {Identifying clusters of functionally related genes in genomes.},
  url = {http://dblp.uni-trier.de/db/journals/bioinformatics/bioinformatics23.html#YiST07},
  volume = 23,
  year = 2007
}



@article{Goeman2007,
  author = {Goeman, J J and B{\"u}hlmann, P},
  biburl = {http://www.bibsonomy.org/bibtex/2ad7445eeb0083fa5f74e968e061b866a/wnpxrz},
  description = {Analyzing gene expression data in terms of gene se... [Bioinformatics. 2007] - PubMed result},
  doi = {10.1093/bioinformatics/btm051},
  interhash = {c53ced0f3b222368912c4c36ea0d4599},
  intrahash = {ad7445eeb0083fa5f74e968e061b866a},
  journal = {Bioinformatics},
  keywords = {analysis enrichment gene imported set statistics toread},
  month = Apr,
  number = 8,
  pages = {980-987},
  pmid = {17303618},
  timestamp = {2010-03-16T13:39:21.000+0100},
  title = {Analyzing gene expression data in terms of gene sets: methodological issues},
  url = {http://www.ncbi.nlm.nih.gov/pubmed/17303618},
  volume = 23,
  year = 2007
}



@misc{Buhl93mle,
Author = {S Buhl},
Title = {On the existence of maximum likelihood estimators for graphical Gaussian models},
Year = {1993}
	}


@ARTICLE{robustmethods,
title = {Robust methods for inferring sparse network structures},
author = {Vinciotti, Veronica and Hashem, Hussein},
year = {2013},
journal = {Computational Statistics and Data Analysis},
volume = {67},
number = {C},
pages = {84-94},
keywords = {Penalized inference; Covariance graphical models; Robust regression; Regularized regression; Copula;},
url = {http://EconPapers.repec.org/RePEc:eee:csdana:v:67:y:2013:i:c:p:84-94}
}


@article{genie3,
    author = {Huynh-Thu, VÃ¢n Anh AND Irrthum, Alexandre AND Wehenkel, Louis AND Geurts, Pierre},
    journal = {PLoS ONE},
    publisher = {Public Library of Science},
    title = {Inferring Regulatory Networks from Expression Data Using Tree-Based Methods},
    year = {2010},
    month = {09},
    volume = {5},
    url = {http://dx.doi.org/10.1371%2Fjournal.pone.0012776},
    pages = {e12776},
    number = {9},
    doi = {10.1371/journal.pone.0012776}
}        





@ARTICLE{Tibshirani94regressionshrinkage,
    author = {Robert Tibshirani},
    title = {Regression Shrinkage and Selection Via the Lasso},
    journal = {Journal of the Royal Statistical Society, Series B},
    year = {1994},
    volume = {58},
    pages = {267--288}
}


@article{stabilitygnr,
  added-at = {2013-01-04T00:00:00.000+0100},
  author = {Rajapakse, Jagath C. and Mundra, Piyushkumar A.},
  biburl = {http://www.bibsonomy.org/bibtex/27b925304ccb08b80307cd7e0c7b5eb3f/dblp},
  ee = {http://dx.doi.org/10.1186/1471-2105-12-S13-S17},
  interhash = {d793ea0f539a8904f7d9b1c9c895e105},
  intrahash = {7b925304ccb08b80307cd7e0c7b5eb3f},
  journal = {BMC Bioinformatics},
  keywords = {dblp},
  number = {S-13},
  pages = {S17},
  timestamp = {2013-01-04T00:00:00.000+0100},
  title = {Stability of building gene regulatory networks with sparse autoregressive models.},
  url = {http://dblp.uni-trier.de/db/journals/bmcbi/bmcbi12S.html#RajapakseM11},
  volume = 12,
  year = 2011
}

@article{microarray_noise,
title = "Evaluating the effect of various background correction methods regarding noise reduction, in two-channel microarray data ",
journal = "Computers in Biology and Medicine ",
volume = "42",
number = "1",
pages = "19 - 29",
year = "2012",
note = "",
issn = "0010-4825",
doi = "http://dx.doi.org/10.1016/j.compbiomed.2011.10.003",
url = "http://www.sciencedirect.com/science/article/pii/S0010482511001995",
author = "E.G. Sifakis and A. Prentza and D. Koutsouris and A.A. Chatziioannou",
keywords = "Background estimation",
keywords = "\{DNA\} microarrays",
keywords = "Normalization techniques",
keywords = "Self-versus-self hybridizations",
keywords = "Transcriptomic analysis "
}

@article{microarray_high_noise,
title = "How high is the level of technical noise in microarray data?",
year = "2007",
url = "http://www.ncbi.nlm.nih.gov/pubmed/17428341",
author = "Klebanov L and Yakovlev",
}


@Article{est_multicoll,
AUTHOR = {Roso, V M and Schenkel, F S and Miller, S P and Schaeffer, L R},
TITLE = {Estimation of genetic effects in the presence of multicollinearity in multibreed beef cattle evaluation.},
JOURNAL = {J Anim Sci},
VOLUME = {83},
YEAR = {2005},
NUMBER = {8},
PAGES = {1788-800},
URL = {http://www.biomedsearch.com/nih/Estimation-genetic-effects-in-presence/16024697.html},
PubMedID = {16024697},
ISSN = {1525-3163},
}

@Article{ml_multicoll,
AUTHOR = {Akhil Garg and Kang Tai},
TITLE = {Comparison of statistical and machine learning methods in modelling of data with multicollinearity},
JOURNAL = {International Journal of Modelling, Identification and Control},
VOLUME = {18},
YEAR = {2013},
NUMBER = {4},
URL = {http://inderscience.metapress.com/content/YG42273H64536114},
}

@article{netmedicine1,
     author = {Barab\'{a}si, Albert-L\'{a}szl\'{o} L. and Gulbahce, Natali and Loscalzo, Joseph},
    doi = {10.1038/nrg2918},
    issn = {1471-0064},
    journal = {Nature reviews. Genetics},
    month = jan,
    number = {1},
    pages = {56--68},
    pmcid = {PMC3140052},
    pmid = {21164525},
    posted-at = {2011-09-07 12:27:16},
    priority = {0},
    publisher = {Nature Publishing Group, a division of Macmillan Publishers Limited. All Rights Reserved.},
    title = {{Network medicine: a network-based approach to human disease.}},
    url = {http://dx.doi.org/10.1038/nrg2918},
    volume = {12},
    year = {2011}
}

@article{netmedicine2,
    author = {Silverman, Edwin K. and Loscalzo, Joseph},
    citeulike-article-id = {11179417},
    citeulike-linkout-0 = {http://www.ncbi.nlm.nih.gov/pmc/articles/PMC3545396/},
    citeulike-linkout-1 = {http://view.ncbi.nlm.nih.gov/pubmed/22935211},
    citeulike-linkout-2 = {http://www.hubmed.org/display.cgi?uids=22935211},
    issn = {1944-7930},
    journal = {Discovery medicine},
    keywords = {genetics, network},
    month = aug,
    number = {75},
    pages = {143--152},
    pmcid = {PMC3545396},
    pmid = {22935211},
    posted-at = {2012-11-17 04:08:48},
    priority = {2},
    title = {{Network medicine approaches to the genetics of complex diseases.}},
    url = {http://www.ncbi.nlm.nih.gov/pmc/articles/PMC3545396/},
    volume = {14},
    year = {2012}
}


@article{linregression1,
    author = {BÅ¯Å¾kovÃ¡, , Petra},
    journal = {PLoS ONE},
    publisher = {Public Library of Science},
    title = {Linear Regression in Genetic Association Studies},
    year = {2013},
    month = {02},
    volume = {8},
    url = {http://dx.doi.org/10.1371%2Fjournal.pone.0056976},
    pages = {e56976},
    abstract = {<p>In genomic research phenotype transformations are commonly used as a straightforward way to reach normality of the model outcome. Many researchers still believe it to be necessary for proper inference. Using regression simulations, we show that phenotype transformations are typically not needed and, when used in phenotype with heteroscedasticity, result in inflated Type I error rates. We further explain that important is to address a combination of rare variant genotypes and heteroscedasticity. Incorrectly estimated parameter variability or incorrect choice of the distribution of the underlying test statistic provide spurious detection of associations. We conclude that it is a combination of heteroscedasticity, minor allele frequency, sample size, and to a much lesser extent the error distribution, that matter for proper statistical inference.</p>},
    number = {2},
    doi = {10.1371/journal.pone.0056976}
}        


@Article{linregression2,
AUTHOR = {Anderson, Carl A and McRae, Allan F and Visscher, Peter M}
TITLE = {A simple linear regression method for quantitative trait loci linkage analysis with censored observations.},
JOURNAL = {Genetics},
VOLUME = {173},
YEAR = {2006},
NUMBER = {3},
PAGES = {1735-45},
URL = {http://www.biomedsearch.com/nih/simple-linear-regression-method-quantitative/16624906.html},
PubMedID = {16624906},
ISSN = {0016-6731},
}


@article{adalasso,
    author = {Zou, Hui},
    citeulike-article-id = {5645248},
    journal = {Journal of the American Statistical Association},
    keywords = {internship-09, journal, lasso, sparsity},
    month = dec,
    number = {476},
    pages = {1418--1429},
    posted-at = {2009-08-25 18:02:53},
    priority = {0},
    series = {Theory and Methods},
    title = {{The Adaptive Lasso and Its Oracle Properties}},
    volume = {101},
    year = {2006}
}

@article{efron2004,
ajournal = "Ann. Statist.",
author = "Efron, Bradley and Hastie, Trevor and Johnstone, Iain and Tibshirani, Robert",
doi = "10.1214/009053604000000067",
journal = "The Annals of Statistics",
month = "04",
number = "2",
pages = "407--499",
publisher = "The Institute of Mathematical Statistics",
title = "Least angle regression",
url = "http://dx.doi.org/10.1214/009053604000000067",
volume = "32",
year = "2004"
}


@article{tuneparamsel,
 author = {Hirose, Kei and Tateishi, Shohei and Konishi, Sadanori},
 title = {Tuning Parameter Selection in Sparse Regression Modeling},
 journal = {Comput. Stat. Data Anal.},
 issue_date = {March, 2013},
 volume = {59},
 month = mar,
 year = {2013},
 issn = {0167-9473},
 pages = {28--40},
 numpages = {13},
 url = {http://dx.doi.org/10.1016/j.csda.2012.10.005},
 doi = {10.1016/j.csda.2012.10.005},
 acmid = {2401581},
 publisher = {Elsevier Science Publishers B. V.},
 address = {Amsterdam, The Netherlands, The Netherlands},
 keywords = {Degrees of freedom, Generalized path seeking, Model selection, Regularization, Sparse regression},
} 

@Article{glmnet,
    title = {Regularization Paths for Generalized Linear Models via
      Coordinate Descent},
    author = {Jerome Friedman and Trevor Hastie and Robert Tibshirani},
    journal = {Journal of Statistical Software},
    year = {2010},
    volume = {33},
    number = {1},
    pages = {1--22},
    url = {http://www.jstatsoft.org/v33/i01/},
  }

@article{avrahamfeedback2011,
  title={Feedback regulation of EGFR signalling: decision making by early and delayed loops},
  author={Roi Avraham and Yosef Yarden},
  journal={Nature Reviews Molecular Cell Biology},
  volume={12},
  number={2},
  pages={104-117},
  year={2011},
  abstract={Human-made information relay systems invariably incorporate central regulatory components, which are mirrored in biological systems by dense feedback and feedforward loops. This type of system control is exemplified by positive and negative feedback loops (for example, receptor endocytosis and dephosphorylation) that enable growth factors and receptor Tyr kinases of the epidermal growth factor receptor (EGFR)/ERBB family to regulate cellular function. Recent studies show that the collection of feedback regulatory loops can perform computational tasks â such as decoding ligand specificity, transforming graded input signals into a digital output and regulating response kinetics. Aberrant signal processing and feedback regulation can lead to defects associated with pathologies such as cancer.},
  doi={10.1038/nrm3048},
  url={http://dx.doi.org/10.1038/nrm3048}
}

@article{generegmodel,
  added-at = {2009-06-30T00:00:00.000+0200},
  author = {Schlitt, Thomas and Brazma, Alvis},
  biburl = {http://www.bibsonomy.org/bibtex/26d99c9310a2c30120aef04dbbdbfa58e/dblp},
  date = {2009-06-30},
  description = {dblp},
  ee = {http://dx.doi.org/10.1186/1471-2105-8-S6-S9},
  interhash = {ff35dde1a1ed688c8afc8405cfae4c13},
  intrahash = {6d99c9310a2c30120aef04dbbdbfa58e},
  journal = {BMC Bioinformatics},
  keywords = {dblp},
  number = {S-6},
  timestamp = {2009-06-30T00:00:00.000+0200},
  title = {Current approaches to gene regulatory network modelling.},
  url = {http://dblp.uni-trier.de/db/journals/bmcbi/bmcbi8S.html#SchlittB07},
  volume = 8,
  year = 2007
}

@inproceedings{netmotif,
  added-at = {2007-06-18T00:00:00.000+0200},
  author = {Hallinan, Jennifer and Jackway, Paul T.},
  biburl = {http://www.bibsonomy.org/bibtex/21929058e08f3bce97b711a1d91e40459/dblp},
  booktitle = {CIBCB},
  crossref = {conf/cibcb/2005},
  date = {2007-06-18},
  description = {dblp},
  interhash = {a2667239ea9cdce112c25e912490eeb7},
  intrahash = {1929058e08f3bce97b711a1d91e40459},
  isbn = {0-7803-9388-0},
  keywords = {dblp},
  pages = {90-96},
  publisher = {IEEE},
  timestamp = {2007-06-18T00:00:00.000+0200},
  title = {Network Motifs, Feedback Loops and the Dynamics of Genetic Regulatory Networks.},
  url = {http://dblp.uni-trier.de/db/conf/cibcb/cibcb2005.html#HallinanJ05},
  year = 2005
}


@article{Vidal2011Complex,
    author = {Vidal, Marc and Cusick, Michael E. and Barab\'{a}si, Albert-L\'{a}szl\'{o}},
    citeulike-article-id = {9023243},
    citeulike-linkout-0 = {http://www.cell.com//abstract/S0092-8674(11)00130-9},
    day = {18},
    journal = {Cell},
    keywords = {biochemical\_networks, regulatory\_network, review},
    month = mar,
    number = {6},
    pages = {986--998},
    posted-at = {2011-03-24 14:41:17},
    priority = {2},
    publisher = {Cell Press},
    title = {{Interactome Networks and Human Disease}},
    url = {http://www.cell.com//abstract/S0092-8674(11)00130-9},
    volume = {144},
    year = {2011}
}


@article{BAR03a,
  added-at = {2009-03-03T17:19:04.000+0100},
  author = {Barab\'asi, Albert-L\'aszl\'o and Bonabeau, Eric},
  biburl = {http://www.bibsonomy.org/bibtex/202882eea124dd756bf95cbd8bad62d6a/bronckobuster},
  interhash = {a2779a7947795f0e0486c766efffbb47},
  intrahash = {02882eea124dd756bf95cbd8bad62d6a},
  journal = {Sci.~Am.},
  keywords = {imported},
  number = 5,
  pages = {50--59},
  timestamp = {2009-03-03T17:19:04.000+0100},
  title = {{Scale-free networks}},
  volume = 288,
  year = 2003
}

@inproceedings{evidencescalefree,
  added-at = {2006-09-19T00:00:00.000+0200},
  author = {Shaw, Sandy},
  biburl = {http://www.bibsonomy.org/bibtex/241fccab9daf3f76219788524efd9888d/dblp},
  booktitle = {IASSE},
  crossref = {conf/iasse/2003},
  date = {2006-09-19},
  description = {dblp},
  editor = {Satyadas, Antony and Dascalu, Sergiu M.},
  interhash = {6f924f970e50cb20623c437e3afda60f},
  intrahash = {41fccab9daf3f76219788524efd9888d},
  isbn = {1-880843-47-1},
  keywords = {dblp},
  pages = {37-40},
  publisher = {ISCA},
  timestamp = {2006-09-19T00:00:00.000+0200},
  title = {Evidence of Scale-Free Topology and Dynamics in Gene Regulatory Networks.},
  url = {http://dblp.uni-trier.de/db/conf/iasse/iasse2003.html#Shaw03},
  year = 2003
}

@Article{gnw1,
   affiliation = {EPFL},
   author      = {Schaffter, Thomas and Marbach, Daniel and Floreano, Dario},
   details     = {http://infoscience.epfl.ch/record/166759},
   documenturl = {http://infoscience.epfl.ch/record/166759/files/Schaffter2011.pdf},
   doi         = {10.1093/bioinformatics/btr373},
   extra-id    = {000293620800013},
   journal     = {Bioinformatics},
   keywords    = {reverse engineering; gene regulatory networks;
                 performance assessment; network motifs; DREAM challenge;
                 community experiment},
   note        = {wingx},
   number      = {16},
   oai-id      = {oai:infoscience.epfl.ch:166759},
   oai-set     = {driver},
   pages       = {2263--2270},
   publisher   = {Oxford University Press},
   submitter   = {161219; 161219; 161219; 111729; 128933; 128933; 161219;
                 161219; 161219; 161219},
   title       = {Gene{N}et{W}eaver: {I}n silico benchmark generation and
                 performance profiling of network inference methods},
   unit        = {LIS},
   volume      = {27},
   year        = 2011
}

@Article{gnw2,
   affiliation = {EPFL},
   author      = {Marbach, Daniel and Schaffter, Thomas and Mattiussi,
                 Claudio and Floreano, Dario},
   details     = {http://infoscience.epfl.ch/record/128148},
   documenturl = {http://infoscience.epfl.ch/record/128148/files/Marbach
                 2009 J Comput Biol.pdf},
   doi         = {10.1089/cmb.2008.09TT},
   extra-id    = {000263057400009},
   journal     = {Journal of {C}omputational {B}iology},
   keywords    = {reverse engineering; gene regulatory networks; DREAM
                 challenge; modularity; network motifs},
   note        = {WingX},
   number      = {2},
   oai-id      = {oai:infoscience.epfl.ch:128148},
   oai-set     = {driver},
   pages       = {229--239},
   submitter   = {166588},
   title       = {Generating {R}ealistic {I}n {S}ilico {G}ene {N}etworks
                 for {P}erformance {A}ssessment of {R}everse {E}ngineering
                 {M}ethods},
   unit        = {LIS},
   volume      = {16},
   year        = 2009
}

@article{wisdomcrowds,
    author = {Marbach, Daniel and Costello, James C. and K\"{u}ffner, Robert and Vega, Nicole M. and Prill, Robert J. and Camacho, Diogo M. and Allison, Kyle R. and {DREAM5 Consortium} and Kellis, Manolis and Collins, James J. and Stolovitzky, Gustavo},
    day = {15},
    doi = {10.1038/nmeth.2016},
    issn = {1548-7105},
    journal = {Nature methods},
    month = aug,
    number = {8},
    pages = {796--804},
    pmcid = {PMC3512113},
    pmid = {22796662},
    posted-at = {2012-10-20 15:19:15},
    priority = {2},
    publisher = {Nature Publishing Group, a division of Macmillan Publishers Limited. All Rights Reserved.},
    title = {{Wisdom of crowds for robust gene network inference.}},
    url = {http://dx.doi.org/10.1038/nmeth.2016},
    volume = {9},
    year = {2012}
}

@article{genesets,
  added-at = {2010-03-16T13:39:21.000+0100},
  author = {Goeman, J J and B{\"u}hlmann, P},
  biburl = {http://www.bibsonomy.org/bibtex/2ad7445eeb0083fa5f74e968e061b866a/wnpxrz},
  description = {Analyzing gene expression data in terms of gene se... [Bioinformatics. 2007] - PubMed result},
  doi = {10.1093/bioinformatics/btm051},
  interhash = {c53ced0f3b222368912c4c36ea0d4599},
  intrahash = {ad7445eeb0083fa5f74e968e061b866a},
  journal = {Bioinformatics},
  keywords = {analysis enrichment gene imported set statistics toread},
  month = Apr,
  number = 8,
  pages = {980-987},
  pmid = {17303618},
  timestamp = {2010-03-16T13:39:21.000+0100},
  title = {Analyzing gene expression data in terms of gene sets: methodological issues},
  url = {http://www.ncbi.nlm.nih.gov/pubmed/17303618},
  volume = 23,
  year = 2007
}

@article{finegold,
    author = {Finegold, Michael and Drton, Mathias},
    day = {9},
    doi = {10.1214/10-aoas410},
    eprint = {1009.3669.pdf},
    issn = {1932-6157},
    journal = {The Annals of Applied Statistics},
    month = aug,
    number = {2A},
    pages = {1057--1080},
    posted-at = {2013-05-30 17:26:33},
    priority = {2},
    title = {{Robust graphical modeling of gene networks using classical and alternative T-distributions}},
    url = {http://dx.doi.org/10.1214/10-aoas410},
    volume = {5},
    year = {2011}
}








