%% This BibTeX bibliography file was created using BibDesk.
%% http://bibdesk.sourceforge.net/


%% Created for Fran√ßois Van Lishout at 2014-04-15 11:17:58 +0200 


%% Saved with string encoding Unicode (UTF-8) 



@article{Pattin2009,
	Author = {Pattin, K A and White, B C and Barney, N and Gui, J and Nelson, H H and Kelsey, K T and Andrew, A S and Karagas, M R and Morre, J H},
	Date-Added = {2014-04-15 11:16:21 +0200},
	Date-Modified = {2014-04-15 11:17:58 +0200},
	Journal = {Genet Epidemiol.},
	Number = {1},
	Pages = {87-94},
	Title = {A computationally efficient hypothesis testing method for epistasis analysis using multifactor dimensionality reduction.},
	Volume = {33},
	Year = {2009}}

@article{Choi1969,
	Author = {Choi, S C and Wette, R},
	Date-Added = {2014-04-15 10:47:10 +0200},
	Date-Modified = {2014-04-15 10:54:33 +0200},
	Journal = {Technometrics},
	Number = {4},
	Pages = {683-690},
	Title = {Maximum Likelihood Estimation of the Parameters of the Gamma Distribution and Their Bias},
	Volume = {11},
	Year = {1969}}

@article{Minka2002,
	Author = {Minka, T P},
	Date-Added = {2014-04-15 10:34:07 +0200},
	Date-Modified = {2014-04-15 10:55:29 +0200},
	Journal = {http://research.microsoft.com/en-us/um/people/minka/papers/minka-gamma.pdf},
	Title = {Estimating a Gamma distribution},
	Year = {2002}}

@article{Hautsch2013,
	Author = {Hautsch, N and Malec, P and Schienle, M},
	Date-Added = {2014-04-14 13:13:03 +0200},
	Date-Modified = {2014-04-15 10:54:22 +0200},
	Journal = {Journal of financial econometrics},
	Title = {Capturing the Zero: A New Class of Zero- Augmented Distributions and Multiplicative Error Processes},
	Year = {2013}}

@article{gametes2012,
	Author = {Urbanowicz, R J and Kiralis, J and Sinnott-Armstrong, N A and Heberling T and Fisher J M and Moore J H},
	Date-Added = {2014-04-14 08:56:03 +0200},
	Date-Modified = {2014-04-14 08:59:24 +0200},
	Journal = {BioData Mining},
	Number = {16},
	Title = {GAMETES: a fast, direct algorithm for generating pure, strict, epistatic models with random architectures},
	Volume = {5},
	Year = {2012}}

@article{VanLishout2013,
	Author = {Van Lishout, F and Mahachie John, J M and Gusareva, E S and Urrea, V and Cleynen, I and Th{\'e}{\^a}tre, E and Charloteaux, B and Calle, M L and Wehenkel, L and Van Steen, K},
	Date-Added = {2014-03-21 10:24:53 +0100},
	Date-Modified = {2014-03-21 10:27:54 +0100},
	Journal = {BMC Bioinformatics},
	Number = {138},
	Title = {An efficient algorithm to perform multiple testing in epistasis screening},
	Volume = {14},
	Year = {2013}}

@article{Galas2009,
	Author = {Galas, D J and Hood, L},
	Date-Added = {2014-03-21 09:23:59 +0100},
	Date-Modified = {2014-03-21 09:24:50 +0100},
	Journal = {Interdisciplinary Bio Central},
	Pages = {1-4},
	Title = {Systems Biology and Emerging Technologies Will Catalyze the Transition from Reactive Medicine to Predictive, Personalized, Preventive and Participatory (P4) Medicine},
	Volume = {1},
	Year = {2009}}

@article{Shastry2006,
	Author = {Shastry, B S},
	Date-Added = {2014-03-21 09:22:19 +0100},
	Date-Modified = {2014-03-21 09:23:10 +0100},
	Journal = {Pharmacogenomics J.},
	Number = {1},
	Pages = {16-21},
	Title = {Pharmacogenetics and the concept of individualized medicine},
	Volume = {6},
	Year = {2006}}

@article{Beevers2012,
	Author = {Beevers, C G and McGeary J E},
	Date-Added = {2014-03-21 09:19:31 +0100},
	Date-Modified = {2014-03-21 09:20:41 +0100},
	Journal = {Trends in Cognitive Sciences},
	Number = {1},
	Pages = {11-12},
	Title = {Therapygenetics: moving towards personalized psychotherapy treatment},
	Volume = {16},
	Year = {2012}}

@article{Lester2013,
	Author = {Lester, K J and Eley, T C},
	Date-Added = {2014-03-21 09:15:54 +0100},
	Date-Modified = {2014-03-21 09:18:50 +0100},
	Journal = {Biology of mood and anxiety disorders},
	Number = {1},
	Pages = {1-16},
	Title = {Therapygenetics: Using genetic markers to predict response to psychological treatment for mood and anxiety disorders},
	Volume = {3},
	Year = {2013}}

@article{vantVeer2008,
	Author = {van't Veer, L J and Bernards, R},
	Date-Added = {2014-03-21 09:08:17 +0100},
	Date-Modified = {2014-03-21 09:11:07 +0100},
	Journal = {Nature},
	Number = {7187},
	Pages = {564-70},
	Title = {Enabling personalized cancer medicine through analysis of gene-expression patterns},
	Volume = {452},
	Year = {2008}}

@article{Levy2007,
	Author = {Levy, S and Sutton, G and Ng, PC and Feuk, L and Halpern, AL and Walenz, BP and Axelrod, N and Huang, J and Kirkness, EF and Denisov, G and et al},
	Date-Added = {2014-01-13 12:21:36 +0100},
	Date-Modified = {2014-01-13 12:23:15 +0100},
	Journal = {PLoS Biol},
	Number = {10},
	Title = {The diploid genome sequence of an individual human.},
	Volume = {5},
	Year = {2007}}

@article{Nature2004,
	Author = {Human Genome Sequencing Consortium},
	Date-Added = {2014-01-13 11:47:19 +0100},
	Date-Modified = {2014-01-13 12:21:10 +0100},
	Journal = {Nature},
	Number = {7011},
	Pages = {931-945},
	Title = {Finishing the euchromatic sequence of the human genome},
	Volume = {431},
	Year = {2014}}

@article{Lander2001,
	Author = {Lander, ES and Linton, LM and Birren, B and Nusbaum, C and Zody, MC and Baldwin, J and Devon, K and Dewar, K and Doyle, M and FitzHugh, W and et al},
	Date-Added = {2014-01-13 11:33:38 +0100},
	Date-Modified = {2014-01-13 11:35:41 +0100},
	Journal = {Nature},
	Number = {6822},
	Pages = {860-921},
	Title = {Initial sequencing and analysis of the human genome},
	Volume = {409},
	Year = {2001}}

@article{Moreau2013,
	Author = {Pavlopoulos, G and Oulas, A and Iacucci, E and Sifrim, A and Moreau, Y and Schneider, R and Aerts, J and Iliopoulos, I},
	Date-Added = {2014-01-13 11:14:14 +0100},
	Date-Modified = {2014-01-13 11:15:53 +0100},
	Journal = {BioData Mining},
	Month = {July},
	Number = {13},
	Pages = {1-25},
	Title = {Unraveling genomic variation from next generation sequencing data},
	Volume = {6},
	Year = {2013}}

@article{Moreau2012,
	Author = {Moreau, Y and Tranchevent, L},
	Date-Added = {2014-01-13 11:11:55 +0100},
	Date-Modified = {2014-01-13 11:13:23 +0100},
	Journal = {Nature Review Genetics},
	Month = {July},
	Number = {8},
	Pages = {523-36},
	Title = {Computational tools for prioritizing candidate genes: boosting disease gene discovery},
	Volume = {13},
	Year = {2012}}

@article{Shire2013,
	Author = {RARE Project},
	Date-Added = {2014-01-13 10:48:14 +0100},
	Date-Modified = {2014-03-21 10:46:11 +0100},
	Journal = {Survey from the global Genes Report financed by Shire},
	Title = {Rare Disease Impact Report: Insights from patients and the medical community},
	Year = {2013}}

@techreport{Ge2003,
	Author = {Ge, Y and Dudoit, S and Speed, T P},
	Date-Added = {2013-02-13 15:08:23 +0100},
	Date-Modified = {2013-02-13 15:15:33 +0100},
	Institution = {Department of Statistics, University of California, Berkley},
	Number = {633},
	Title = {Resampling-based multiple testing for microarray data analysis},
	Year = {2003}}

@article{Watkinson2009,
	Author = {Watkinson, J and Anastassiou, D},
	Date-Added = {2012-10-26 19:25:49 +0200},
	Date-Modified = {2012-10-26 19:27:45 +0200},
	Journal = {Bioinformatics},
	Number = {11},
	Pages = {1445-1446},
	Title = {Synergy Disequilibrium Plots: graphical visualization of pairwise synergies and redundancies of SNPs with respect to a phenotype},
	Volume = {25},
	Year = {2009}}

@article{Mahachie2012,
	Author = {Mahachie John, J M and Cattaert, T and Van Lishout, F and Gusareva, E and Van Steen, K},
	Date-Added = {2012-04-17 11:44:30 +0200},
	Date-Modified = {2012-10-24 10:03:07 +0200},
	Journal = {PLoS ONE},
	Pages = {e29594. doi:10.1371/journal.pone.0029594},
	Title = {Lower-Order Effects Adjustment in Quantitative Traits Model-Based Multifactor Dimensionality Reduction},
	Volume = {7(1)},
	Year = {2012}}

@article{Zuk2012,
	Author = {Zuk, O and Hechter, E and Sunyaev, S R and Lander, E S},
	Date-Added = {2012-03-30 15:29:59 +0200},
	Date-Modified = {2012-10-24 10:05:41 +0200},
	Journal = {Proceedings of the National Academy of Sciences},
	Number = {4},
	Pages = {1193-1198},
	Title = {The Mystery of Missing Heritability: Genetic Interactions Create Phantom Heritability},
	Volume = {109},
	Year = {2012}}

@article{Visscher2012,
	Author = {Visscher, P M and Brown, M A and McCarthy, M I and Yang, J},
	Date-Added = {2012-03-30 15:26:36 +0200},
	Date-Modified = {2012-10-24 10:05:03 +0200},
	Journal = {American Society of Human Genetics},
	Number = {1},
	Pages = {7-24},
	Title = {Five Years of GWAS Discovery},
	Volume = {90},
	Year = {2012}}

@inproceedings{Bush2009,
	Author = {Bush, W L and Dudek, S M and Ritchie, M D},
	Booktitle = {Pacific Symposium on Biocomputing},
	Date-Added = {2012-02-28 11:53:55 +0100},
	Date-Modified = {2012-10-26 19:46:31 +0200},
	Pages = {368-379},
	Title = {Biofilter: A Knowledge-Integration System for the Multi-Locus Analysis of Genome-Wide Association Studies.},
	Year = {2009}}

@article{Ritchie2003,
	Author = {Ritchie, M D and Hahn, L W and Moore, J H},
	Date-Modified = {2012-10-24 10:04:29 +0200},
	Journal = {Genet Epidemil.},
	Number = {2},
	Pages = {150-7},
	Title = {Power of multifactor dimensionality reduction for detecting gene-gene interactions in the presence of genotyping error, missing data, phenocopy, and genetic heterogeneity.},
	Volume = {24},
	Year = {2003}}

@article{Barrett2008,
	Author = {Barett, J C and Hansoul, S and Nicolae, D L and Cho, J H and Duerr, R H and Rioux, J D and Brant, S R and Silverberg, M S and Taylor, K D and Barmada, M M and others},
	Date-Modified = {2012-10-24 10:00:19 +0200},
	Journal = {Nat Genet},
	Number = {8},
	Pages = {955-962},
	Title = {Genome-wide association defines more than 30 distinct susceptibility loci for Crohn's disease},
	Volume = {40},
	Year = {2008}}

@techreport{Calle2008,
	Author = {Calle, M L and Urrea, V and Malats, N and Van Steen, K},
	Date-Modified = {2013-02-13 15:16:21 +0100},
	Institution = {Department of Systems Biology, Universitat de Vic, Vic, Spain},
	Number = {24},
	Title = {MB-MDR: model-based multifactor dimensionality reduction for detecting interactions in high-dimensional genomic data},
	Year = {2008}}

@article{Calle2008b,
	Author = {Calle, M L and Urrea, V and Vellalta, G and Malats, N and Van Steen, K},
	Date-Modified = {2012-10-24 10:01:02 +0200},
	Journal = {Statistics in Medicine},
	Pages = {6532-6546},
	Title = {Improving strategies for detecting genetic patterns of disease susceptibility in association studies},
	Volume = {27},
	Year = {2008}}

@article{Calle2010,
	Author = {Calle, M L and Urrea, V and Malats, N and Van Steen, K},
	Date-Modified = {2012-10-24 10:01:07 +0200},
	Journal = {Bioinformatics},
	Number = {17},
	Pages = {2198-2199},
	Title = {mbmdr: an R package for exploring gene-gene interactions associated with binary or quantitative traits},
	Volume = {26},
	Year = {2010}}

@article{Cattaert2010,
	Author = {Cattaert, T and Urrea, V and Naj, A C and De Lobel, L and De Wit, V and Fu, M and Mahachie John, J M and Shen, H and Calle, M L and Ritchie, M D and others},
	Date-Modified = {2012-10-24 10:01:27 +0200},
	Journal = {PLoS ONE},
	Note = {doi:10.1371/journal.pone.0010304},
	Number = {4},
	Pages = {e10304},
	Title = {FAM-MDR: A Flexible Family-Based Multifactor Dimensionality Reduction Technique to Detect Epistasis Using Related Individuals},
	Volume = {5},
	Year = {2010}}

@article{Cattaert2011,
	Author = {Cattaert, T and Calle, M L and Dudek, S M and Mahachie John, J M and Van Lishout, F and Urrea, V and Ritchie, M D and Van Steen, K},
	Date-Modified = {2012-10-24 10:01:45 +0200},
	Journal = {Ann Hum Genet},
	Pages = {78-89},
	Title = {Model-based multifactor dimensionality reduction for detecting epistasis in case-control data in the presence of noise},
	Volume = {75},
	Year = {2011}}

@article{Dalal2010,
	Author = {Dalal, S R and Kwon, H K},
	Date-Modified = {2012-10-24 10:01:52 +0200},
	Journal = {Gastroenterology and Hepatology},
	Pages = {714-722},
	Title = {The Role of MicroRNA in Inflammatory Bowel Disease},
	Volume = {6},
	Year = {2010}}

@article{Dixon2000,
	Author = {Dixon, M S and Golstein, C and Thomas, C M and van DerBiezen, E A and Jones, J D},
	Date-Modified = {2012-10-24 10:02:04 +0200},
	Journal = {Proc NatlAcadSci USA},
	Number = {16},
	Pages = {8807-8814},
	Title = {Genetic complexity of pathogen perception by plants: the example of Rcr3, a tomato gene required specifically by Cf-2.},
	Volume = {97},
	Year = {2000}}

@article{Franke2010,
	Author = {Franke, A and McGovern, D P and Barrett, J C and Wang, K and Radford-Smith, GL and Ahmad, T and Lees, C W and Balschun, T and Lee, J and Roberts, R and others},
	Date-Modified = {2012-10-26 19:48:03 +0200},
	Journal = {Nat Genet},
	Number = {12},
	Pages = {1118-1126},
	Title = {Genome-wide meta-analysis increases to 71 the number of confirmed Crohn's disease susceptibility loci},
	Volume = {42},
	Year = {2010}}

@article{Hardy2009,
	Author = {Hardy, J and Singleton, A},
	Date-Modified = {2012-10-24 09:52:47 +0200},
	Journal = {New England Journal of Medicine},
	Pages = {1759-1768},
	Title = {Genome-wide association studies and human disease},
	Volume = {360},
	Year = {2009}}

@article{Kaser2010,
	Author = {Kaser, A and Zeissig, S and Blumberg, R S},
	Date-Modified = {2012-10-24 10:02:38 +0200},
	Journal = {Annu. Rev. Immunol.},
	Pages = {573-621},
	Title = {Inflammatory bowel disease},
	Volume = {28},
	Year = {2010}}

@book{Knuth1998,
	Author = {Knuth, D},
	Date-Modified = {2012-10-24 09:53:35 +0200},
	Publisher = {Addison-Wesley},
	Title = {The Art of Computer Programming, Volume 3: Sorting and Searching, Second Edition},
	Year = {1998}}

@article{Libioulle2007,
	Author = {Libioulle, C and Louis, E and Hansoul, S and Sandor, C and Farnir, F and Franchimont, D and Vermeire, S and Dewit, O and de Vos, M and Dixon, A and others},
	Date-Modified = {2012-10-24 09:53:32 +0200},
	Journal = {Plos Genetics},
	Number = {4},
	Pages = {e58},
	Title = {Novel Crohn disease locus identified by genome-wide association maps to a gene desert on 5p13.1 and modulates expression of PTGER4},
	Volume = {3},
	Year = {2007}}

@article{Mahachie2011,
	Author = {Mahachie John, J M and Van Lishout, F and Van Steen, K},
	Date-Modified = {2012-10-26 23:10:19 +0200},
	Journal = {European Journal of Human Genetics},
	Number = {6},
	Pages = {696-703},
	Title = {Model-Based Multifactor Dimensionality Reduction to detect epistasis for quantitative traits in the presence of error-free and noisy data},
	Volume = {19},
	Year = {2011}}

@article{Manolio2009,
	Author = {Manolio, T A and Collins, F S and Goldstein, D B and Hindorff, L A and Hunter, D J and McCarthy, M I and Ramos, E M and Cardon, L R and Chakravarti, A and Cho, J H and others},
	Date-Modified = {2012-10-24 10:03:33 +0200},
	Journal = {Nature},
	Number = {7265},
	Pages = {747-753},
	Title = {Finding the missing heritability of complex diseases},
	Volume = {461},
	Year = {2009}}

@article{Ogura2001,
	Author = {Ogura, Y and Bonen, D K and Inohara, N and Nicolae, D L and Chen, F F and Ramos, R and Britton, H and Moran, T and Karaliuskas, R and Duerr, R H and others},
	Date-Modified = {2012-10-24 10:03:56 +0200},
	Journal = {Nature},
	Pages = {603-606},
	Title = {A frameshift mutation in NOD2 associated with susceptibility to Crohn's disease},
	Volume = {411},
	Year = {2001}}

@article{Raychaudhuri2009,
	Author = {Raychaudhuri, S and Plenge, R M and Rossin, E and Ng, A C and International Schizophrenia Consortium and Purcell, S M and Sklar, P and Scolnick, E M and Xavier, R J and Altshuler, D and others},
	Date-Modified = {2012-10-24 10:04:22 +0200},
	Journal = {PLoS Genetics},
	Number = {9},
	Pages = {1-15},
	Title = {Identifying Relationships Among Genomic Disease Regions: Predicting Genes at Pathogenic SNP Associations and Rare Deletions},
	Volume = {5},
	Year = {2009}}

@article{Sarin2011,
	Author = {Sarin, R and Wu, X and Abraham, C},
	Date-Modified = {2012-10-24 09:55:47 +0200},
	Journal = {Proc Natl Acad Sci USA},
	Title = {Inflammatory disease protective R381Q IL23 receptor polymorphism results in decreased primary CD4+ and CD8+ human T-cell functional responses},
	Year = {2011}}

@article{GPU2009,
	Author = {Sinnott-Armstrong, N A and Greene, C S and Cancare, F and Moore, J H},
	Date-Modified = {2012-10-24 10:02:30 +0200},
	Journal = {BMC Res Notes},
	Pages = {149},
	Title = {Accelerating epistasis analysis in human genetics with consumer graphics hardware},
	Volume = {2},
	Year = {2009}}

@article{Taylor2008,
	Author = {Taylor, K D and Targn, S R and Mei, L and Ippoliti, A F and McGovern, D and Mengesha, E and King, L and Rotter, J I},
	Date-Modified = {2012-10-24 10:04:49 +0200},
	Journal = {Inflammatory Bowel Disease},
	Number = {9},
	Pages = {1185-1191},
	Title = {IL23R Haplotypes provide a large population attributable risk for Crohn's disease},
	Volume = {14},
	Year = {2008}}

@article{VanSteen2011,
	Author = {Van Steen, K},
	Date-Modified = {2012-10-24 09:56:13 +0200},
	Journal = {Briefings in Bioinformatics},
	Number = {1},
	Pages = {1-19},
	Title = {Traveling the world of gene-gene interactions},
	Volume = {13},
	Year = {2011}}

@inproceedings{Wang2010,
	Author = {Wang, Z and Wang, Y and Tan, K L and Wong, L and Agrawal, D},
	Booktitle = {International Conference on Bioinformatics \& Biomedicine; Hong Kong},
	Date-Modified = {2012-10-24 10:05:10 +0200},
	Title = {CEO: a cloud epistasis computing model in GWAS},
	Year = {2010}}

@book{Westfall1993,
	Address = {New York},
	Author = {Westfall, P H and Young, S S},
	Date-Modified = {2012-10-24 10:05:19 +0200},
	Publisher = {Wiley},
	Title = {Resampling-base multiple testing},
	Year = {1993}}

@article{Zhou2000,
	Author = {Zhou, X and Richon, V M and Wang, A H and Yang, X J and Rifkind, R A and Marks, P A},
	Date-Modified = {2012-10-24 10:05:35 +0200},
	Journal = {Proc Natl Acad Sci USA},
	Pages = {14329-14333},
	Title = {Histone deacetylase 4 associates with extracellular signal-regulated kinases 1 and 2, and its cellular localization is regulated by oncogenic Ras},
	Volume = {97},
	Year = {2000}}
